<record><leader>00000cas a22000007a 4500</leader><controlfield tag="001">28201974</controlfield><controlfield tag="008">930603d19871992mouwr ne      0    0eng d</controlfield><datafield ind1=" " ind2=" " tag="010"><subfield code="a">sn 93059960 </subfield></datafield><datafield ind1=" " ind2=" " tag="040"><subfield code="a">MQN</subfield><subfield code="b">eng</subfield><subfield code="c">MQN</subfield><subfield code="d">OCLCQ</subfield></datafield><datafield ind1=" " ind2=" " tag="042"><subfield code="a">msc</subfield></datafield><datafield ind1="0" ind2="4" tag="245"><subfield code="a">The Elk River current.</subfield></datafield><datafield ind1=" " ind2=" " tag="260"><subfield code="a">South West City, Mo. :</subfield><subfield code="b">Current Productions,</subfield><subfield code="c">1987-1992.</subfield></datafield><datafield ind1=" " ind2=" " tag="300"><subfield code="a">v.</subfield></datafield><datafield ind1=" " ind2=" " tag="310"><subfield code="a">Weekly</subfield></datafield><datafield ind1="0" ind2=" " tag="362"><subfield code="a">Vol. 1, no. 1 (Sept. 22, 1987)-v. 6, no. 17 (Dec. 22, 1992).</subfield></datafield><datafield ind1=" " ind2="4" tag="651"><subfield code="a">McDonald County (Mo.)</subfield><subfield code="v">Newspapers.</subfield></datafield><datafield ind1=" " ind2=" " tag="752"><subfield code="a">United States</subfield><subfield code="b">Missouri</subfield><subfield code="c">McDonald</subfield><subfield code="d">Southwest City.</subfield></datafield></record>